@incollection{Bea13,
year={2013},
isbn={978-3-642-40789-5},
booktitle={Serious Games Development and Applications},
volume={8101},
series={Lecture Notes in Computer Science},
editor={Ma, Minhua and Oliveira, ManuelFradinho and Petersen, Sobah and Hauge, JannickeBaalsrud},
doi={10.1007/978-3-642-40790-1_17},
title={Serious Game for Quantum Research},
url={http://dx.doi.org/10.1007/978-3-642-40790-1_17},
publisher={Springer Berlin Heidelberg},
author={Brown, Oliver T. and Truesdale, John and Louchart, Sandy and McEndoo, Suzanne and Maniscalco, Sabrina and Robertson, Judy and Lim, Theodore and Kilbride, Stephen},
pages={178-187},
}

@book{NR,
year={2007},
author={Press, William H. and Teukolsky, Saul A. and Vetterling, William T. and Flannery, Brian P.},
title={Numerical Recipes -- The Art of Scientific Computing},
publisher={Cambridge University Press},
edition={3E},
}